<record><leader>00000cas a2200000 a 4500</leader><controlfield tag="001">4357766</controlfield><controlfield tag="008">781108d19301984ncudr ne      0   a0eng c</controlfield><datafield ind1=" " ind2=" " tag="010"><subfield code="a">sn 83008215 </subfield></datafield><datafield ind1=" " ind2=" " tag="040"><subfield code="a">NGU</subfield><subfield code="b">eng</subfield><subfield code="c">NGU</subfield><subfield code="d">NSD</subfield><subfield code="d">DLC</subfield><subfield code="d">NSD</subfield><subfield code="d">NVJ</subfield><subfield code="d">DLC</subfield><subfield code="d">OCLCQ</subfield><subfield code="d">OCLCF</subfield><subfield code="d">OCLCO</subfield></datafield><datafield ind1=" " ind2=" " tag="012"><subfield code="m">d</subfield></datafield><datafield ind1="1" ind2=" " tag="022"><subfield code="a">0746-0732</subfield><subfield code="l">0746-0732</subfield><subfield code="2">1</subfield></datafield><datafield ind1="1" ind2=" " tag="029"><subfield code="a">AU@</subfield><subfield code="b">000020290878</subfield></datafield><datafield ind1=" " ind2=" " tag="032"><subfield code="a">228920</subfield><subfield code="b">USPS</subfield></datafield><datafield ind1=" " ind2=" " tag="042"><subfield code="a">nsdp</subfield><subfield code="a">pcc</subfield></datafield><datafield ind1=" " ind2=" " tag="043"><subfield code="a">n-us-nc</subfield></datafield><datafield ind1="0" ind2="0" tag="050"><subfield code="a">Newspaper</subfield></datafield><datafield ind1=" " ind2="4" tag="222"><subfield code="a">The Greensboro record</subfield></datafield><datafield ind1="0" ind2="4" tag="245"><subfield code="a">The Greensboro record.</subfield></datafield><datafield ind1="1" ind2="3" tag="246"><subfield code="a">Greensboro daily news, the Greensboro record</subfield></datafield><datafield ind1="1" ind2="3" tag="246"><subfield code="a">Greensboro news &amp; record</subfield></datafield><datafield ind1="1" ind2="3" tag="246"><subfield code="a">Greensboro news and record</subfield></datafield><datafield ind1=" " ind2=" " tag="260"><subfield code="a">Greensboro, N.C. :</subfield><subfield code="b">Greensboro News Co.,</subfield></datafield><datafield ind1=" " ind2=" " tag="300"><subfield code="a">v.</subfield></datafield><datafield ind1=" " ind2=" " tag="310"><subfield code="a">Daily,</subfield><subfield code="b">Mar. 2, 1980-Mar. 16, 1984</subfield></datafield><datafield ind1=" " ind2=" " tag="321"><subfield code="a">Daily (except Sunday),</subfield><subfield code="b">July 12, 1930-Mar. 1, 1980</subfield></datafield><datafield ind1="0" ind2=" " tag="362"><subfield code="a">40th yr. (July 12, 1930)-v. 95, no. 55 (Mar. 16, 1984).</subfield></datafield><datafield ind1=" " ind2=" " tag="500"><subfield code="a">Sunday edition has title: Greensboro daily news, the Greensboro record, Mar. 2, 1980-June 28, 1981 ; Greensboro news &amp; record, July 5, 1981-Mar. 16, 1984.</subfield></datafield><datafield ind1=" " ind2=" " tag="500"><subfield code="a">Saturday edition has title: Greensboro news &amp; record, Apr. 23, 1983-Mar. 16, 1984.</subfield></datafield><datafield ind1=" " ind2=" " tag="500"><subfield code="a">Independent.</subfield></datafield><datafield ind1=" " ind2=" " tag="530"><subfield code="a">Also available on microfilm from University Microfilms International.  Combined Sunday edition only available on microfilm for Greensboro daily news.  After April 23, 1983, combined Saturday edition only available on microfilm for Greensboro daily news.</subfield></datafield><datafield ind1=" " ind2="0" tag="651"><subfield code="a">Greensboro (N.C.)</subfield><subfield code="v">Newspapers.</subfield></datafield><datafield ind1=" " ind2="7" tag="655"><subfield code="a">Newspapers.</subfield><subfield code="2">fast</subfield><subfield code="0">(OCoLC)fst01423814</subfield></datafield><datafield ind1=" " ind2="7" tag="651"><subfield code="a">North Carolina</subfield><subfield code="z">Greensboro.</subfield><subfield code="2">fast</subfield><subfield code="0">(OCoLC)fst01205296</subfield></datafield><datafield ind1=" " ind2=" " tag="752"><subfield code="a">United States</subfield><subfield code="b">North Carolina</subfield><subfield code="c">Guilford</subfield><subfield code="d">Greensboro.</subfield></datafield><datafield ind1="0" ind2="0" tag="780"><subfield code="t">Greensboro daily record</subfield><subfield code="w">(DLC)sn 93065735</subfield></datafield><datafield ind1="0" ind2="7" tag="785"><subfield code="t">Greensboro daily news</subfield><subfield code="w">(DLC)sn 83008209</subfield></datafield><datafield ind1="0" ind2="7" tag="785"><subfield code="t">Greensboro news &amp; record</subfield><subfield code="w">(DLC)sn 84009662</subfield></datafield></record>